PokerStars Hand #60078: Hold'em No Limit (50/100) - 2019/07/11 16:41:18 ET
Table 'Pluribus Session 60' 6-max (Play Money) Seat #6 is the button
Seat 1: MrBlue (10000 in chips)
Seat 2: MrPink (10000 in chips)
Seat 3: Bill (10000 in chips)
Seat 4: Eddie (10000 in chips)
Seat 5: Joe (10000 in chips)
Seat 6: Pluribus (10000 in chips)
MrBlue: posts small blind 50
MrPink: posts big blind 100
*** HOLE CARDS ***
Dealt to MrBlue [Ah 8d]
Dealt to MrPink [6c 3d]
Dealt to Bill [Qd 6d]
Dealt to Eddie [8h 4d]
Dealt to Joe [Qc 4h]
Dealt to Pluribus [Qs 8c]
Bill: folds
Eddie: folds
Joe: folds
Pluribus: folds
MrBlue: calls 50
MrPink: checks
*** FLOP *** [3c 2c Ts]
MrBlue: checks
MrPink: bets 100
MrBlue: calls 100
*** TURN *** [3c 2c Ts] [Kd]
MrBlue: checks
MrPink: checks
*** RIVER *** [3c 2c Ts] [Kd] [Qh]
MrBlue: checks
MrPink: checks
*** SHOWDOWN ***
MrPink: shows [6c 3d]
MrPink collected 400.0 from pot
*** SUMMARY ***
Total pot 400 | Rake 0
Board [3c 2c Ts Kd Qh]
Seat 1: MrBlue showed [Ah 8d] and lost
Seat 2: MrPink showed [6c 3d] and won (400.0)
