PokerStars Hand #113171: Hold'em No Limit (50/100) - 2019/07/12 07:26:11 ET
Table 'Pluribus Session 113' 6-max (Play Money) Seat #6 is the button
Seat 1: MrBrown (10000 in chips)
Seat 2: MrBlue (10000 in chips)
Seat 3: Pluribus (10000 in chips)
Seat 4: Eddie (10000 in chips)
Seat 5: MrPink (10000 in chips)
Seat 6: MrOrange (10000 in chips)
MrBrown: posts small blind 50
MrBlue: posts big blind 100
*** HOLE CARDS ***
Dealt to MrBrown [9h Th]
Dealt to MrBlue [6s Kd]
Dealt to Pluribus [Qd Jc]
Dealt to Eddie [As 3s]
Dealt to MrPink [3c Qs]
Dealt to MrOrange [2s Jh]
Pluribus: folds
Eddie: raises 100 to 200
MrPink: folds
MrOrange: folds
MrBrown: calls 150
MrBlue: folds
*** FLOP *** [3h 4h 7s]
MrBrown: checks
Eddie: checks
*** TURN *** [3h 4h 7s] [8d]
MrBrown: checks
Eddie: checks
*** RIVER *** [3h 4h 7s] [8d] [Jd]
MrBrown: checks
Eddie: checks
*** SHOWDOWN ***
MrBrown: shows [9h Th]
MrBrown collected 500.0 from pot
*** SUMMARY ***
Total pot 500 | Rake 0
Board [3h 4h 7s 8d Jd]
Seat 1: MrBrown showed [9h Th] and won (500.0)
Seat 4: Eddie showed [As 3s] and lost
