PokerStars Hand #70089: Hold'em No Limit (50/100) - 2019/07/11 19:28:09 ET
Table 'Pluribus Session 70' 6-max (Play Money) Seat #6 is the button
Seat 1: Pluribus (10000 in chips)
Seat 2: Budd (10000 in chips)
Seat 3: Eddie (10000 in chips)
Seat 4: MrOrange (10000 in chips)
Seat 5: Bill (10000 in chips)
Seat 6: MrBlue (10000 in chips)
Pluribus: posts small blind 50
Budd: posts big blind 100
*** HOLE CARDS ***
Dealt to Pluribus [Ks 2s]
Dealt to Budd [Kh 9d]
Dealt to Eddie [Td 5h]
Dealt to MrOrange [4c Qd]
Dealt to Bill [9c Qc]
Dealt to MrBlue [7d 3s]
Eddie: folds
MrOrange: folds
Bill: raises 125 to 225
MrBlue: folds
Pluribus: folds
Budd: calls 125
*** FLOP *** [9s Ts 7h]
Budd: checks
Bill: checks
*** TURN *** [9s Ts 7h] [3d]
Budd: checks
Bill: checks
*** RIVER *** [9s Ts 7h] [3d] [3c]
Budd: bets 375
Bill: calls 375
*** SHOWDOWN ***
Budd: shows [Kh 9d]
Budd collected 1250.0 from pot
*** SUMMARY ***
Total pot 1250 | Rake 0
Board [9s Ts 7h 3d 3c]
Seat 2: Budd showed [Kh 9d] and won (1250.0)
Seat 5: Bill showed [9c Qc] and lost
