PokerStars Hand #78073: Hold'em No Limit (50/100) - 2019/07/11 21:41:13 ET
Table 'Pluribus Session 78' 6-max (Play Money) Seat #6 is the button
Seat 1: MrWhite (10000 in chips)
Seat 2: MrOrange (10000 in chips)
Seat 3: Hattori (10000 in chips)
Seat 4: MrBlue (10000 in chips)
Seat 5: Pluribus (10000 in chips)
Seat 6: Budd (10000 in chips)
MrWhite: posts small blind 50
MrOrange: posts big blind 100
*** HOLE CARDS ***
Dealt to MrWhite [Ks 3s]
Dealt to MrOrange [Qc As]
Dealt to Hattori [2h 7h]
Dealt to MrBlue [7s Kc]
Dealt to Pluribus [6c 3c]
Dealt to Budd [9h Ah]
Hattori: folds
MrBlue: folds
Pluribus: folds
Budd: raises 150 to 250
MrWhite: folds
MrOrange: raises 950 to 1200
Budd: calls 950
*** FLOP *** [4c 9s 3h]
MrOrange: bets 825
Budd: calls 825
*** TURN *** [4c 9s 3h] [Ac]
MrOrange: checks
Budd: bets 1850
MrOrange: calls 1850
*** RIVER *** [4c 9s 3h] [Ac] [Js]
MrOrange: checks
Budd: bets 6125 and is all-in
MrOrange: calls 6125 and is all-in
*** SHOWDOWN ***
Budd: shows [9h Ah]
Budd collected 20050.0 from pot
*** SUMMARY ***
Total pot 20050 | Rake 0
Board [4c 9s 3h Ac Js]
Seat 2: MrOrange showed [Qc As] and lost
Seat 6: Budd showed [9h Ah] and won (20050.0)
