PokerStars Hand #89023: Hold'em No Limit (50/100) - 2019/07/12 00:43:43 ET
Table 'Pluribus Session 89' 6-max (Play Money) Seat #6 is the button
Seat 1: Pluribus (10000 in chips)
Seat 2: MrPink (10000 in chips)
Seat 3: Eddie (10000 in chips)
Seat 4: MrOrange (10000 in chips)
Seat 5: Bill (10000 in chips)
Seat 6: MrBlue (10000 in chips)
Pluribus: posts small blind 50
MrPink: posts big blind 100
*** HOLE CARDS ***
Dealt to Pluribus [7c 4c]
Dealt to MrPink [Ac 5s]
Dealt to Eddie [Jd 6h]
Dealt to MrOrange [8c 2h]
Dealt to Bill [7h 8h]
Dealt to MrBlue [Qs 9h]
Eddie: folds
MrOrange: folds
Bill: raises 125 to 225
MrBlue: folds
Pluribus: folds
MrPink: calls 125
*** FLOP *** [Qh Jc Kc]
MrPink: checks
Bill: bets 350
MrPink: calls 350
*** TURN *** [Qh Jc Kc] [6s]
MrPink: checks
Bill: checks
*** RIVER *** [Qh Jc Kc] [6s] [As]
MrPink: checks
Bill: checks
*** SHOWDOWN ***
MrPink: shows [Ac 5s]
MrPink collected 1200.0 from pot
*** SUMMARY ***
Total pot 1200 | Rake 0
Board [Qh Jc Kc 6s As]
Seat 2: MrPink showed [Ac 5s] and won (1200.0)
Seat 5: Bill showed [7h 8h] and lost
