PokerStars Hand #41158: Hold'em No Limit (50/100) - 2019/07/11 11:25:58 ET
Table 'Pluribus Session 41' 6-max (Play Money) Seat #6 is the button
Seat 1: MrBlue (10000 in chips)
Seat 2: Bill (10000 in chips)
Seat 3: MrOrange (10000 in chips)
Seat 4: Pluribus (10000 in chips)
Seat 5: ORen (10000 in chips)
Seat 6: Hattori (10000 in chips)
MrBlue: posts small blind 50
Bill: posts big blind 100
*** HOLE CARDS ***
Dealt to MrBlue [Kd Ts]
Dealt to Bill [Jh 7s]
Dealt to MrOrange [6h Ah]
Dealt to Pluribus [Qs 7c]
Dealt to ORen [2h 2c]
Dealt to Hattori [Th Qd]
MrOrange: raises 100 to 200
Pluribus: folds
ORen: calls 200
Hattori: folds
MrBlue: calls 150
Bill: folds
*** FLOP *** [Qc As Qh]
MrBlue: checks
MrOrange: checks
ORen: checks
*** TURN *** [Qc As Qh] [8c]
MrBlue: checks
MrOrange: checks
ORen: checks
*** RIVER *** [Qc As Qh] [8c] [Td]
MrBlue: checks
MrOrange: checks
ORen: checks
*** SHOWDOWN ***
MrOrange: shows [6h Ah]
MrOrange collected 700.0 from pot
*** SUMMARY ***
Total pot 700 | Rake 0
Board [Qc As Qh 8c Td]
Seat 1: MrBlue showed [Kd Ts] and lost
Seat 3: MrOrange showed [6h Ah] and won (700.0)
Seat 5: ORen showed [2h 2c] and lost
