PokerStars Hand #76160: Hold'em No Limit (50/100) - 2019/07/11 21:09:20 ET
Table 'Pluribus Session 76' 6-max (Play Money) Seat #6 is the button
Seat 1: MrBlue (10000 in chips)
Seat 2: Pluribus (10000 in chips)
Seat 3: Budd (10000 in chips)
Seat 4: MrWhite (10000 in chips)
Seat 5: MrOrange (10000 in chips)
Seat 6: Hattori (10000 in chips)
MrBlue: posts small blind 50
Pluribus: posts big blind 100
*** HOLE CARDS ***
Dealt to MrBlue [Ah 4h]
Dealt to Pluribus [7s Ad]
Dealt to Budd [Td 2c]
Dealt to MrWhite [8d 9c]
Dealt to MrOrange [Th 2s]
Dealt to Hattori [4d Jh]
Budd: folds
MrWhite: folds
MrOrange: folds
Hattori: folds
MrBlue: calls 50
Pluribus: checks
*** FLOP *** [Kc 8c 5s]
MrBlue: checks
Pluribus: checks
*** TURN *** [Kc 8c 5s] [9s]
MrBlue: checks
Pluribus: checks
*** RIVER *** [Kc 8c 5s] [9s] [Qh]
MrBlue: checks
Pluribus: checks
*** SHOWDOWN ***
MrBlue collected 100.0 from pot
Pluribus collected 100.0 from pot
*** SUMMARY ***
Total pot 200 | Rake 0
Board [Kc 8c 5s 9s Qh]
Seat 1: MrBlue showed [Ah 4h] and lost
Seat 2: Pluribus showed [7s Ad] and lost
