PokerStars Hand #52059: Hold'em No Limit (50/100) - 2019/07/11 14:27:39 ET
Table 'Pluribus Session 52' 6-max (Play Money) Seat #6 is the button
Seat 1: Pluribus (10000 in chips)
Seat 2: MrOrange (10000 in chips)
Seat 3: MrWhite (10000 in chips)
Seat 4: MrBlonde (10000 in chips)
Seat 5: Eddie (10000 in chips)
Seat 6: Bill (10000 in chips)
Pluribus: posts small blind 50
MrOrange: posts big blind 100
*** HOLE CARDS ***
Dealt to Pluribus [Qc 9h]
Dealt to MrOrange [As 6s]
Dealt to MrWhite [Ks 5c]
Dealt to MrBlonde [5h 2h]
Dealt to Eddie [3c 8c]
Dealt to Bill [4d 8h]
MrWhite: folds
MrBlonde: folds
Eddie: folds
Bill: folds
Pluribus: raises 150 to 250
MrOrange: calls 150
*** FLOP *** [7h 8s 4c]
Pluribus: bets 250
MrOrange: calls 250
*** TURN *** [7h 8s 4c] [Kc]
Pluribus: checks
MrOrange: checks
*** RIVER *** [7h 8s 4c] [Kc] [7s]
Pluribus: checks
MrOrange: checks
*** SHOWDOWN ***
MrOrange: shows [As 6s]
MrOrange collected 1000.0 from pot
*** SUMMARY ***
Total pot 1000 | Rake 0
Board [7h 8s 4c Kc 7s]
Seat 1: Pluribus showed [Qc 9h] and lost
Seat 2: MrOrange showed [As 6s] and won (1000.0)
