PokerStars Hand #110003: Hold'em No Limit (50/100) - 2019/07/12 06:33:23 ET
Table 'Pluribus Session 110' 6-max (Play Money) Seat #6 is the button
Seat 1: MrOrange (10000 in chips)
Seat 2: MrPink (10000 in chips)
Seat 3: Pluribus (10000 in chips)
Seat 4: MrWhite (10000 in chips)
Seat 5: MrBlonde (10000 in chips)
Seat 6: MrBlue (10000 in chips)
MrOrange: posts small blind 50
MrPink: posts big blind 100
*** HOLE CARDS ***
Dealt to MrOrange [9c 4s]
Dealt to MrPink [7h As]
Dealt to Pluribus [7c 8c]
Dealt to MrWhite [8h Qs]
Dealt to MrBlonde [6s 8s]
Dealt to MrBlue [9s Ts]
Pluribus: folds
MrWhite: folds
MrBlonde: raises 150 to 250
MrBlue: calls 250
MrOrange: folds
MrPink: folds
*** FLOP *** [Td 2h 8d]
MrBlonde: checks
MrBlue: bets 250
MrBlonde: calls 250
*** TURN *** [Td 2h 8d] [3h]
MrBlonde: checks
MrBlue: bets 925
MrBlonde: calls 925
*** RIVER *** [Td 2h 8d] [3h] [Qc]
MrBlonde: checks
MrBlue: checks
*** SHOWDOWN ***
MrBlue: shows [9s Ts]
MrBlue collected 3000.0 from pot
*** SUMMARY ***
Total pot 3000 | Rake 0
Board [Td 2h 8d 3h Qc]
Seat 5: MrBlonde showed [6s 8s] and lost
Seat 6: MrBlue showed [9s Ts] and won (3000.0)
