PokerStars Hand #72078: Hold'em No Limit (50/100) - 2019/07/11 20:01:18 ET
Table 'Pluribus Session 72' 6-max (Play Money) Seat #6 is the button
Seat 1: Budd (10000 in chips)
Seat 2: Eddie (10000 in chips)
Seat 3: MrOrange (10000 in chips)
Seat 4: Bill (10000 in chips)
Seat 5: MrBlue (10000 in chips)
Seat 6: Pluribus (10000 in chips)
Budd: posts small blind 50
Eddie: posts big blind 100
*** HOLE CARDS ***
Dealt to Budd [9s 8c]
Dealt to Eddie [5d As]
Dealt to MrOrange [Qh 4d]
Dealt to Bill [4h 4c]
Dealt to MrBlue [Tc 8d]
Dealt to Pluribus [6h 7d]
MrOrange: folds
Bill: raises 125 to 225
MrBlue: folds
Pluribus: folds
Budd: folds
Eddie: calls 125
*** FLOP *** [6d 5c 9h]
Eddie: checks
Bill: checks
*** TURN *** [6d 5c 9h] [6s]
Eddie: bets 150
Bill: calls 150
*** RIVER *** [6d 5c 9h] [6s] [8s]
Eddie: checks
Bill: checks
*** SHOWDOWN ***
Eddie: shows [5d As]
Eddie collected 800.0 from pot
*** SUMMARY ***
Total pot 800 | Rake 0
Board [6d 5c 9h 6s 8s]
Seat 2: Eddie showed [5d As] and won (800.0)
Seat 4: Bill showed [4h 4c] and lost
