PokerStars Hand #40221: Hold'em No Limit (50/100) - 2019/07/11 11:10:21 ET
Table 'Pluribus Session 40' 6-max (Play Money) Seat #6 is the button
Seat 1: Pluribus (10000 in chips)
Seat 2: ORen (10000 in chips)
Seat 3: Hattori (10000 in chips)
Seat 4: MrBlue (10000 in chips)
Seat 5: Bill (10000 in chips)
Seat 6: MrOrange (10000 in chips)
Pluribus: posts small blind 50
ORen: posts big blind 100
*** HOLE CARDS ***
Dealt to Pluribus [Th Jh]
Dealt to ORen [8s 3c]
Dealt to Hattori [6s 9d]
Dealt to MrBlue [5s 5d]
Dealt to Bill [Qh 4s]
Dealt to MrOrange [7c 2d]
Hattori: folds
MrBlue: raises 125 to 225
Bill: folds
MrOrange: folds
Pluribus: calls 175
ORen: folds
*** FLOP *** [Qd 6h Ks]
Pluribus: checks
MrBlue: checks
*** TURN *** [Qd 6h Ks] [2s]
Pluribus: checks
MrBlue: checks
*** RIVER *** [Qd 6h Ks] [2s] [2c]
Pluribus: checks
MrBlue: checks
*** SHOWDOWN ***
MrBlue: shows [5s 5d]
MrBlue collected 550.0 from pot
*** SUMMARY ***
Total pot 550 | Rake 0
Board [Qd 6h Ks 2s 2c]
Seat 1: Pluribus showed [Th Jh] and lost
Seat 4: MrBlue showed [5s 5d] and won (550.0)
