PokerStars Hand #93053: Hold'em No Limit (50/100) - 2019/07/12 01:50:53 ET
Table 'Pluribus Session 93' 6-max (Play Money) Seat #6 is the button
Seat 1: Pluribus (10000 in chips)
Seat 2: MrOrange (10000 in chips)
Seat 3: MrWhite (10000 in chips)
Seat 4: MrBlue (10000 in chips)
Seat 5: Budd (10000 in chips)
Seat 6: Bill (10000 in chips)
Pluribus: posts small blind 50
MrOrange: posts big blind 100
*** HOLE CARDS ***
Dealt to Pluribus [Th 2s]
Dealt to MrOrange [7h 7d]
Dealt to MrWhite [5s 5d]
Dealt to MrBlue [7s 9s]
Dealt to Budd [2c Js]
Dealt to Bill [2h 3h]
MrWhite: raises 125 to 225
MrBlue: folds
Budd: folds
Bill: folds
Pluribus: folds
MrOrange: calls 125
*** FLOP *** [9d Kd 6c]
MrOrange: checks
MrWhite: checks
*** TURN *** [9d Kd 6c] [Ah]
MrOrange: checks
MrWhite: checks
*** RIVER *** [9d Kd 6c] [Ah] [Qh]
MrOrange: checks
MrWhite: checks
*** SHOWDOWN ***
MrOrange: shows [7h 7d]
MrOrange collected 500.0 from pot
*** SUMMARY ***
Total pot 500 | Rake 0
Board [9d Kd 6c Ah Qh]
Seat 2: MrOrange showed [7h 7d] and won (500.0)
Seat 3: MrWhite showed [5s 5d] and lost
