PokerStars Hand #117008: Hold'em No Limit (50/100) - 2019/07/12 08:30:08 ET
Table 'Pluribus Session 117' 6-max (Play Money) Seat #6 is the button
Seat 1: MrBlue (10000 in chips)
Seat 2: Joe (10000 in chips)
Seat 3: Bill (10000 in chips)
Seat 4: Pluribus (10000 in chips)
Seat 5: MrOrange (10000 in chips)
Seat 6: MrPink (10000 in chips)
MrBlue: posts small blind 50
Joe: posts big blind 100
*** HOLE CARDS ***
Dealt to MrBlue [Js Td]
Dealt to Joe [6d 8c]
Dealt to Bill [9h 4d]
Dealt to Pluribus [7s 3s]
Dealt to MrOrange [9c 5h]
Dealt to MrPink [Qs 2h]
Bill: folds
Pluribus: folds
MrOrange: folds
MrPink: folds
MrBlue: calls 50
Joe: checks
*** FLOP *** [2c 8h 9s]
MrBlue: checks
Joe: bets 100
MrBlue: calls 100
*** TURN *** [2c 8h 9s] [4c]
MrBlue: checks
Joe: checks
*** RIVER *** [2c 8h 9s] [4c] [Kh]
MrBlue: bets 300
Joe: calls 300
*** SHOWDOWN ***
Joe: shows [6d 8c]
Joe collected 1000.0 from pot
*** SUMMARY ***
Total pot 1000 | Rake 0
Board [2c 8h 9s 4c Kh]
Seat 1: MrBlue showed [Js Td] and lost
Seat 2: Joe showed [6d 8c] and won (1000.0)
