PokerStars Hand #111157: Hold'em No Limit (50/100) - 2019/07/12 06:52:37 ET
Table 'Pluribus Session 111' 6-max (Play Money) Seat #6 is the button
Seat 1: MrPink (10000 in chips)
Seat 2: MrOrange (10000 in chips)
Seat 3: MrBrown (10000 in chips)
Seat 4: MrBlue (10000 in chips)
Seat 5: Pluribus (10000 in chips)
Seat 6: Eddie (10000 in chips)
MrPink: posts small blind 50
MrOrange: posts big blind 100
*** HOLE CARDS ***
Dealt to MrPink [Qh Kd]
Dealt to MrOrange [Ah 2h]
Dealt to MrBrown [4d Kh]
Dealt to MrBlue [8c 7d]
Dealt to Pluribus [Qc Ad]
Dealt to Eddie [Jh 9d]
MrBrown: folds
MrBlue: folds
Pluribus: raises 100 to 200
Eddie: folds
MrPink: calls 150
MrOrange: calls 100
*** FLOP *** [8d Ac 5c]
MrPink: checks
MrOrange: checks
Pluribus: bets 600
MrPink: folds
MrOrange: calls 600
*** TURN *** [8d Ac 5c] [6d]
MrOrange: checks
Pluribus: checks
*** RIVER *** [8d Ac 5c] [6d] [3h]
MrOrange: bets 450
Pluribus: calls 450
*** SHOWDOWN ***
Pluribus: shows [Qc Ad]
Pluribus collected 2700.0 from pot
*** SUMMARY ***
Total pot 2700 | Rake 0
Board [8d Ac 5c 6d 3h]
Seat 2: MrOrange showed [Ah 2h] and lost
Seat 5: Pluribus showed [Qc Ad] and won (2700.0)
