PokerStars Hand #114079: Hold'em No Limit (50/100) - 2019/07/12 07:41:19 ET
Table 'Pluribus Session 114' 6-max (Play Money) Seat #6 is the button
Seat 1: MrPink (10000 in chips)
Seat 2: MrOrange (10000 in chips)
Seat 3: MrBrown (10000 in chips)
Seat 4: MrBlue (10000 in chips)
Seat 5: Pluribus (10000 in chips)
Seat 6: Eddie (10000 in chips)
MrPink: posts small blind 50
MrOrange: posts big blind 100
*** HOLE CARDS ***
Dealt to MrPink [8d 9c]
Dealt to MrOrange [7s 4h]
Dealt to MrBrown [Qs 9h]
Dealt to MrBlue [Kh Jd]
Dealt to Pluribus [Td 3d]
Dealt to Eddie [3s 7d]
MrBrown: folds
MrBlue: folds
Pluribus: folds
Eddie: folds
MrPink: calls 50
MrOrange: raises 250 to 350
MrPink: calls 250
*** FLOP *** [8c Ks Ts]
MrPink: checks
MrOrange: checks
*** TURN *** [8c Ks Ts] [Ac]
MrPink: checks
MrOrange: checks
*** RIVER *** [8c Ks Ts] [Ac] [2c]
MrPink: checks
MrOrange: bets 375
MrPink: folds
Uncalled bet (375) returned to MrOrange
MrOrange collected 700.0 from pot
*** SUMMARY ***
Total pot 700 | Rake 0
Board [8c Ks Ts Ac 2c]
