PokerStars Hand #94064: Hold'em No Limit (50/100) - 2019/07/12 02:07:44 ET
Table 'Pluribus Session 94' 6-max (Play Money) Seat #6 is the button
Seat 1: Eddie (10000 in chips)
Seat 2: Pluribus (10000 in chips)
Seat 3: Bill (10000 in chips)
Seat 4: MrOrange (10000 in chips)
Seat 5: MrBlue (10000 in chips)
Seat 6: MrPink (10000 in chips)
Eddie: posts small blind 50
Pluribus: posts big blind 100
*** HOLE CARDS ***
Dealt to Eddie [2s Kc]
Dealt to Pluribus [Ts Js]
Dealt to Bill [4h 9d]
Dealt to MrOrange [4c 9h]
Dealt to MrBlue [Jh 8d]
Dealt to MrPink [Kd Kh]
Bill: folds
MrOrange: folds
MrBlue: folds
MrPink: raises 150 to 250
Eddie: folds
Pluribus: raises 1100 to 1350
MrPink: raises 1450 to 2800
Pluribus: calls 1450
*** FLOP *** [Ac As 2c]
Pluribus: bets 1412
MrPink: calls 1412
*** TURN *** [Ac As 2c] [8s]
Pluribus: checks
MrPink: checks
*** RIVER *** [Ac As 2c] [8s] [Th]
Pluribus: checks
MrPink: checks
*** SHOWDOWN ***
MrPink: shows [Kd Kh]
MrPink collected 8474.0 from pot
*** SUMMARY ***
Total pot 8474 | Rake 0
Board [Ac As 2c 8s Th]
Seat 2: Pluribus showed [Ts Js] and lost
Seat 6: MrPink showed [Kd Kh] and won (8474.0)
