PokerStars Hand #103156: Hold'em No Limit (50/100) - 2019/07/12 04:39:16 ET
Table 'Pluribus Session 103' 6-max (Play Money) Seat #6 is the button
Seat 1: MrBlue (10000 in chips)
Seat 2: MrBlonde (10000 in chips)
Seat 3: MrWhite (10000 in chips)
Seat 4: MrPink (10000 in chips)
Seat 5: MrOrange (10000 in chips)
Seat 6: Pluribus (10000 in chips)
MrBlue: posts small blind 50
MrBlonde: posts big blind 100
*** HOLE CARDS ***
Dealt to MrBlue [2h 8d]
Dealt to MrBlonde [Qc Kh]
Dealt to MrWhite [7s As]
Dealt to MrPink [4s 2s]
Dealt to MrOrange [Qs 4d]
Dealt to Pluribus [Qh Jh]
MrWhite: raises 125 to 225
MrPink: folds
MrOrange: folds
Pluribus: calls 225
MrBlue: folds
MrBlonde: calls 125
*** FLOP *** [3c Kd Tc]
MrBlonde: checks
MrWhite: checks
Pluribus: checks
*** TURN *** [3c Kd Tc] [8h]
MrBlonde: bets 450
MrWhite: folds
Pluribus: calls 450
*** RIVER *** [3c Kd Tc] [8h] [9h]
MrBlonde: bets 920
Pluribus: raises 5197 to 6117
MrBlonde: folds
Uncalled bet (5197) returned to Pluribus
Pluribus collected 3465.0 from pot
*** SUMMARY ***
Total pot 3465 | Rake 0
Board [3c Kd Tc 8h 9h]
