PokerStars Hand #88169: Hold'em No Limit (50/100) - 2019/07/12 00:29:29 ET
Table 'Pluribus Session 88' 6-max (Play Money) Seat #6 is the button
Seat 1: Eddie (10000 in chips)
Seat 2: MrOrange (10000 in chips)
Seat 3: Bill (10000 in chips)
Seat 4: MrBlue (10000 in chips)
Seat 5: Pluribus (10000 in chips)
Seat 6: MrPink (10000 in chips)
Eddie: posts small blind 50
MrOrange: posts big blind 100
*** HOLE CARDS ***
Dealt to Eddie [4c Kh]
Dealt to MrOrange [Ts Ks]
Dealt to Bill [3s 7d]
Dealt to MrBlue [Td 4d]
Dealt to Pluribus [2h 3h]
Dealt to MrPink [Kc 8c]
Bill: folds
MrBlue: folds
Pluribus: folds
MrPink: raises 150 to 250
Eddie: folds
MrOrange: calls 150
*** FLOP *** [Qd Qh 6s]
MrOrange: checks
MrPink: bets 180
MrOrange: calls 180
*** TURN *** [Qd Qh 6s] [Ad]
MrOrange: checks
MrPink: checks
*** RIVER *** [Qd Qh 6s] [Ad] [9c]
MrOrange: bets 650
MrPink: folds
Uncalled bet (650) returned to MrOrange
MrOrange collected 910.0 from pot
*** SUMMARY ***
Total pot 910 | Rake 0
Board [Qd Qh 6s Ad 9c]
