PokerStars Hand #91037: Hold'em No Limit (50/100) - 2019/07/12 01:17:17 ET
Table 'Pluribus Session 91' 6-max (Play Money) Seat #6 is the button
Seat 1: MrWhite (10000 in chips)
Seat 2: MrBlue (10000 in chips)
Seat 3: Budd (10000 in chips)
Seat 4: Bill (10000 in chips)
Seat 5: Pluribus (10000 in chips)
Seat 6: MrOrange (10000 in chips)
MrWhite: posts small blind 50
MrBlue: posts big blind 100
*** HOLE CARDS ***
Dealt to MrWhite [8c Jd]
Dealt to MrBlue [Ah 3d]
Dealt to Budd [5h Ts]
Dealt to Bill [4s Tc]
Dealt to Pluribus [Kh Qd]
Dealt to MrOrange [Td 7h]
Budd: folds
Bill: folds
Pluribus: raises 100 to 200
MrOrange: folds
MrWhite: folds
MrBlue: calls 100
*** FLOP *** [3h 5c 6d]
MrBlue: checks
Pluribus: bets 225
MrBlue: calls 225
*** TURN *** [3h 5c 6d] [5s]
MrBlue: checks
Pluribus: checks
*** RIVER *** [3h 5c 6d] [5s] [7c]
MrBlue: checks
Pluribus: checks
*** SHOWDOWN ***
MrBlue: shows [Ah 3d]
MrBlue collected 900.0 from pot
*** SUMMARY ***
Total pot 900 | Rake 0
Board [3h 5c 6d 5s 7c]
Seat 2: MrBlue showed [Ah 3d] and won (900.0)
Seat 5: Pluribus showed [Kh Qd] and lost
