PokerStars Hand #106133: Hold'em No Limit (50/100) - 2019/07/12 05:28:53 ET
Table 'Pluribus Session 106' 6-max (Play Money) Seat #6 is the button
Seat 1: MrBlonde (10000 in chips)
Seat 2: MrBlue (10000 in chips)
Seat 3: MrOrange (10000 in chips)
Seat 4: MrPink (10000 in chips)
Seat 5: Pluribus (10000 in chips)
Seat 6: MrWhite (10000 in chips)
MrBlonde: posts small blind 50
MrBlue: posts big blind 100
*** HOLE CARDS ***
Dealt to MrBlonde [Jc 6s]
Dealt to MrBlue [7d Jd]
Dealt to MrOrange [3h 6h]
Dealt to MrPink [4c Th]
Dealt to Pluribus [3c Ah]
Dealt to MrWhite [Tc Kc]
MrOrange: folds
MrPink: folds
Pluribus: folds
MrWhite: raises 125 to 225
MrBlonde: folds
MrBlue: calls 125
*** FLOP *** [Ts 2d 6d]
MrBlue: checks
MrWhite: bets 375
MrBlue: calls 375
*** TURN *** [Ts 2d 6d] [3d]
MrBlue: checks
MrWhite: bets 937
MrBlue: calls 937
*** RIVER *** [Ts 2d 6d] [3d] [As]
MrBlue: checks
MrWhite: checks
*** SHOWDOWN ***
MrBlue: shows [7d Jd]
MrBlue collected 3124.0 from pot
*** SUMMARY ***
Total pot 3124 | Rake 0
Board [Ts 2d 6d 3d As]
Seat 2: MrBlue showed [7d Jd] and won (3124.0)
Seat 6: MrWhite showed [Tc Kc] and lost
