PokerStars Hand #70109: Hold'em No Limit (50/100) - 2019/07/11 19:28:29 ET
Table 'Pluribus Session 70' 6-max (Play Money) Seat #6 is the button
Seat 1: Eddie (10000 in chips)
Seat 2: MrOrange (10000 in chips)
Seat 3: Bill (10000 in chips)
Seat 4: MrBlue (10000 in chips)
Seat 5: Pluribus (10000 in chips)
Seat 6: Budd (10000 in chips)
Eddie: posts small blind 50
MrOrange: posts big blind 100
*** HOLE CARDS ***
Dealt to Eddie [7s Qs]
Dealt to MrOrange [4h Ad]
Dealt to Bill [4c 7c]
Dealt to MrBlue [5c 8h]
Dealt to Pluribus [7h As]
Dealt to Budd [2c 8c]
Bill: folds
MrBlue: folds
Pluribus: folds
Budd: folds
Eddie: calls 50
MrOrange: checks
*** FLOP *** [6d 2h 8s]
Eddie: checks
MrOrange: checks
*** TURN *** [6d 2h 8s] [6s]
Eddie: bets 100
MrOrange: calls 100
*** RIVER *** [6d 2h 8s] [6s] [Js]
Eddie: checks
MrOrange: checks
*** SHOWDOWN ***
Eddie: shows [7s Qs]
Eddie collected 400.0 from pot
*** SUMMARY ***
Total pot 400 | Rake 0
Board [6d 2h 8s 6s Js]
Seat 1: Eddie showed [7s Qs] and won (400.0)
Seat 2: MrOrange showed [4h Ad] and lost
