PokerStars Hand #111112: Hold'em No Limit (50/100) - 2019/07/12 06:51:52 ET
Table 'Pluribus Session 111' 6-max (Play Money) Seat #6 is the button
Seat 1: MrBlue (10000 in chips)
Seat 2: Pluribus (10000 in chips)
Seat 3: Eddie (10000 in chips)
Seat 4: MrPink (10000 in chips)
Seat 5: MrOrange (10000 in chips)
Seat 6: MrBrown (10000 in chips)
MrBlue: posts small blind 50
Pluribus: posts big blind 100
*** HOLE CARDS ***
Dealt to MrBlue [2h 6d]
Dealt to Pluribus [9d Js]
Dealt to Eddie [7h 5c]
Dealt to MrPink [9c 9s]
Dealt to MrOrange [6c Kc]
Dealt to MrBrown [Th Ts]
Eddie: folds
MrPink: raises 110 to 210
MrOrange: folds
MrBrown: calls 210
MrBlue: folds
Pluribus: folds
*** FLOP *** [3c Kd Ad]
MrPink: checks
MrBrown: checks
*** TURN *** [3c Kd Ad] [8h]
MrPink: checks
MrBrown: checks
*** RIVER *** [3c Kd Ad] [8h] [Ah]
MrPink: checks
MrBrown: checks
*** SHOWDOWN ***
MrBrown: shows [Th Ts]
MrBrown collected 570.0 from pot
*** SUMMARY ***
Total pot 570 | Rake 0
Board [3c Kd Ad 8h Ah]
Seat 4: MrPink showed [9c 9s] and lost
Seat 6: MrBrown showed [Th Ts] and won (570.0)
