PokerStars Hand #85058: Hold'em No Limit (50/100) - 2019/07/11 23:37:38 ET
Table 'Pluribus Session 85' 6-max (Play Money) Seat #6 is the button
Seat 1: MrBlue (10000 in chips)
Seat 2: Pluribus (10000 in chips)
Seat 3: MrWhite (10000 in chips)
Seat 4: Budd (10000 in chips)
Seat 5: MrOrange (10000 in chips)
Seat 6: Bill (10000 in chips)
MrBlue: posts small blind 50
Pluribus: posts big blind 100
*** HOLE CARDS ***
Dealt to MrBlue [4d Td]
Dealt to Pluribus [Ks 5s]
Dealt to MrWhite [7h 2c]
Dealt to Budd [9h Ad]
Dealt to MrOrange [5d Qs]
Dealt to Bill [8h 8c]
MrWhite: folds
Budd: folds
MrOrange: folds
Bill: raises 150 to 250
MrBlue: folds
Pluribus: calls 150
*** FLOP *** [Qd 5h 4s]
Pluribus: checks
Bill: bets 275
Pluribus: calls 275
*** TURN *** [Qd 5h 4s] [3h]
Pluribus: bets 275
Bill: calls 275
*** RIVER *** [Qd 5h 4s] [3h] [3c]
Pluribus: checks
Bill: bets 550
Pluribus: folds
Uncalled bet (550) returned to Bill
Bill collected 1650.0 from pot
*** SUMMARY ***
Total pot 1650 | Rake 0
Board [Qd 5h 4s 3h 3c]
