PokerStars Hand #72118: Hold'em No Limit (50/100) - 2019/07/11 20:01:58 ET
Table 'Pluribus Session 72' 6-max (Play Money) Seat #6 is the button
Seat 1: MrBlue (10000 in chips)
Seat 2: Pluribus (10000 in chips)
Seat 3: Budd (10000 in chips)
Seat 4: Eddie (10000 in chips)
Seat 5: MrOrange (10000 in chips)
Seat 6: Bill (10000 in chips)
MrBlue: posts small blind 50
Pluribus: posts big blind 100
*** HOLE CARDS ***
Dealt to MrBlue [Td Jd]
Dealt to Pluribus [Qs 2h]
Dealt to Budd [5d Qh]
Dealt to Eddie [Ts 9d]
Dealt to MrOrange [Ks 6d]
Dealt to Bill [Ac 7s]
Budd: folds
Eddie: folds
MrOrange: folds
Bill: raises 150 to 250
MrBlue: calls 200
Pluribus: folds
*** FLOP *** [Tc 3c Qd]
MrBlue: checks
Bill: bets 450
MrBlue: calls 450
*** TURN *** [Tc 3c Qd] [5s]
MrBlue: checks
Bill: checks
*** RIVER *** [Tc 3c Qd] [5s] [Qc]
MrBlue: checks
Bill: checks
*** SHOWDOWN ***
MrBlue: shows [Td Jd]
MrBlue collected 1500.0 from pot
*** SUMMARY ***
Total pot 1500 | Rake 0
Board [Tc 3c Qd 5s Qc]
Seat 1: MrBlue showed [Td Jd] and won (1500.0)
Seat 6: Bill showed [Ac 7s] and lost
