PokerStars Hand #96068: Hold'em No Limit (50/100) - 2019/07/12 02:41:08 ET
Table 'Pluribus Session 96' 6-max (Play Money) Seat #6 is the button
Seat 1: MrBlue (10000 in chips)
Seat 2: MrPink (10000 in chips)
Seat 3: Eddie (10000 in chips)
Seat 4: Pluribus (10000 in chips)
Seat 5: Bill (10000 in chips)
Seat 6: MrOrange (10000 in chips)
MrBlue: posts small blind 50
MrPink: posts big blind 100
*** HOLE CARDS ***
Dealt to MrBlue [Jd 4h]
Dealt to MrPink [Jh As]
Dealt to Eddie [6d 2h]
Dealt to Pluribus [Qd 8d]
Dealt to Bill [3h Td]
Dealt to MrOrange [8h 8s]
Eddie: folds
Pluribus: raises 125 to 225
Bill: folds
MrOrange: calls 225
MrBlue: folds
MrPink: calls 125
*** FLOP *** [Qs 6h Ac]
MrPink: checks
Pluribus: checks
MrOrange: checks
*** TURN *** [Qs 6h Ac] [9h]
MrPink: checks
Pluribus: checks
MrOrange: checks
*** RIVER *** [Qs 6h Ac] [9h] [3c]
MrPink: bets 375
Pluribus: folds
MrOrange: folds
Uncalled bet (375) returned to MrPink
MrPink collected 725.0 from pot
*** SUMMARY ***
Total pot 725 | Rake 0
Board [Qs 6h Ac 9h 3c]
