PokerStars Hand #90029: Hold'em No Limit (50/100) - 2019/07/12 01:00:29 ET
Table 'Pluribus Session 90' 6-max (Play Money) Seat #6 is the button
Seat 1: Pluribus (10000 in chips)
Seat 2: MrOrange (10000 in chips)
Seat 3: MrWhite (10000 in chips)
Seat 4: MrBlue (10000 in chips)
Seat 5: Budd (10000 in chips)
Seat 6: Bill (10000 in chips)
Pluribus: posts small blind 50
MrOrange: posts big blind 100
*** HOLE CARDS ***
Dealt to Pluribus [4c 7h]
Dealt to MrOrange [Jc 9h]
Dealt to MrWhite [7c 6s]
Dealt to MrBlue [4h Ah]
Dealt to Budd [5s Ts]
Dealt to Bill [Js 5d]
MrWhite: folds
MrBlue: raises 125 to 225
Budd: folds
Bill: folds
Pluribus: folds
MrOrange: calls 125
*** FLOP *** [3s 5c 4s]
MrOrange: checks
MrBlue: checks
*** TURN *** [3s 5c 4s] [3d]
MrOrange: checks
MrBlue: checks
*** RIVER *** [3s 5c 4s] [3d] [Jd]
MrOrange: bets 325
MrBlue: calls 325
*** SHOWDOWN ***
MrOrange: shows [Jc 9h]
MrOrange collected 1150.0 from pot
*** SUMMARY ***
Total pot 1150 | Rake 0
Board [3s 5c 4s 3d Jd]
Seat 2: MrOrange showed [Jc 9h] and won (1150.0)
Seat 4: MrBlue showed [4h Ah] and lost
