PokerStars Hand #42062: Hold'em No Limit (50/100) - 2019/07/11 11:41:02 ET
Table 'Pluribus Session 42' 6-max (Play Money) Seat #6 is the button
Seat 1: MrBlue (10000 in chips)
Seat 2: Bill (10000 in chips)
Seat 3: MrPink (10000 in chips)
Seat 4: Pluribus (10000 in chips)
Seat 5: Eddie (10000 in chips)
Seat 6: MrBrown (10000 in chips)
MrBlue: posts small blind 50
Bill: posts big blind 100
*** HOLE CARDS ***
Dealt to MrBlue [8h Ad]
Dealt to Bill [3h 8s]
Dealt to MrPink [7c Jh]
Dealt to Pluribus [Ah 7d]
Dealt to Eddie [Jd 3c]
Dealt to MrBrown [5h 9s]
MrPink: folds
Pluribus: folds
Eddie: folds
MrBrown: folds
MrBlue: calls 50
Bill: raises 250 to 350
MrBlue: calls 250
*** FLOP *** [Ac Js 6c]
MrBlue: checks
Bill: checks
*** TURN *** [Ac Js 6c] [7s]
MrBlue: checks
Bill: checks
*** RIVER *** [Ac Js 6c] [7s] [5d]
MrBlue: bets 525
Bill: raises 1312 to 1837
MrBlue: folds
Uncalled bet (1312) returned to Bill
Bill collected 1750.0 from pot
*** SUMMARY ***
Total pot 1750 | Rake 0
Board [Ac Js 6c 7s 5d]
