PokerStars Hand #108212: Hold'em No Limit (50/100) - 2019/07/12 06:03:32 ET
Table 'Pluribus Session 108' 6-max (Play Money) Seat #6 is the button
Seat 1: MrBlue (10000 in chips)
Seat 2: MrOrange (10000 in chips)
Seat 3: MrPink (10000 in chips)
Seat 4: Pluribus (10000 in chips)
Seat 5: MrWhite (10000 in chips)
Seat 6: MrBlonde (10000 in chips)
MrBlue: posts small blind 50
MrOrange: posts big blind 100
*** HOLE CARDS ***
Dealt to MrBlue [9h 5h]
Dealt to MrOrange [Js Ac]
Dealt to MrPink [5s 3s]
Dealt to Pluribus [9c 8c]
Dealt to MrWhite [Kc Tc]
Dealt to MrBlonde [2s 7s]
MrPink: folds
Pluribus: raises 100 to 200
MrWhite: calls 200
MrBlonde: folds
MrBlue: folds
MrOrange: calls 100
*** FLOP *** [4h Ts 9s]
MrOrange: checks
Pluribus: checks
MrWhite: bets 325
MrOrange: folds
Pluribus: calls 325
*** TURN *** [4h Ts 9s] [Ks]
Pluribus: checks
MrWhite: checks
*** RIVER *** [4h Ts 9s] [Ks] [Qd]
Pluribus: bets 975
MrWhite: folds
Uncalled bet (975) returned to Pluribus
Pluribus collected 1300.0 from pot
*** SUMMARY ***
Total pot 1300 | Rake 0
Board [4h Ts 9s Ks Qd]
