PokerStars Hand #76014: Hold'em No Limit (50/100) - 2019/07/11 21:06:54 ET
Table 'Pluribus Session 76' 6-max (Play Money) Seat #6 is the button
Seat 1: MrOrange (10000 in chips)
Seat 2: Hattori (10000 in chips)
Seat 3: MrBlue (10000 in chips)
Seat 4: Pluribus (10000 in chips)
Seat 5: Budd (10000 in chips)
Seat 6: ORen (10000 in chips)
MrOrange: posts small blind 50
Hattori: posts big blind 100
*** HOLE CARDS ***
Dealt to MrOrange [5c Jc]
Dealt to Hattori [8h Jd]
Dealt to MrBlue [3h 6c]
Dealt to Pluribus [6d 5h]
Dealt to Budd [5s 9d]
Dealt to ORen [8c 2c]
MrBlue: folds
Pluribus: folds
Budd: folds
ORen: folds
MrOrange: raises 150 to 250
Hattori: calls 150
*** FLOP *** [Ac 7d 5d]
MrOrange: bets 150
Hattori: calls 150
*** TURN *** [Ac 7d 5d] [8s]
MrOrange: checks
Hattori: checks
*** RIVER *** [Ac 7d 5d] [8s] [3c]
MrOrange: checks
Hattori: bets 800
MrOrange: folds
Uncalled bet (800) returned to Hattori
Hattori collected 800.0 from pot
*** SUMMARY ***
Total pot 800 | Rake 0
Board [Ac 7d 5d 8s 3c]
