PokerStars Hand #73022: Hold'em No Limit (50/100) - 2019/07/11 20:17:02 ET
Table 'Pluribus Session 73' 6-max (Play Money) Seat #6 is the button
Seat 1: MrBlue (10000 in chips)
Seat 2: Pluribus (10000 in chips)
Seat 3: Budd (10000 in chips)
Seat 4: Eddie (10000 in chips)
Seat 5: MrOrange (10000 in chips)
Seat 6: Bill (10000 in chips)
MrBlue: posts small blind 50
Pluribus: posts big blind 100
*** HOLE CARDS ***
Dealt to MrBlue [Ah 3d]
Dealt to Pluribus [Qh 9c]
Dealt to Budd [9d Js]
Dealt to Eddie [5s 6c]
Dealt to MrOrange [Qd Th]
Dealt to Bill [5d Ks]
Budd: folds
Eddie: folds
MrOrange: folds
Bill: folds
MrBlue: raises 200 to 300
Pluribus: calls 200
*** FLOP *** [Qs As 2c]
MrBlue: checks
Pluribus: checks
*** TURN *** [Qs As 2c] [Kd]
MrBlue: checks
Pluribus: checks
*** RIVER *** [Qs As 2c] [Kd] [Ts]
MrBlue: checks
Pluribus: checks
*** SHOWDOWN ***
MrBlue: shows [Ah 3d]
MrBlue collected 600.0 from pot
*** SUMMARY ***
Total pot 600 | Rake 0
Board [Qs As 2c Kd Ts]
Seat 1: MrBlue showed [Ah 3d] and won (600.0)
Seat 2: Pluribus showed [Qh 9c] and lost
