PokerStars Hand #89096: Hold'em No Limit (50/100) - 2019/07/12 00:44:56 ET
Table 'Pluribus Session 89' 6-max (Play Money) Seat #6 is the button
Seat 1: MrPink (10000 in chips)
Seat 2: Eddie (10000 in chips)
Seat 3: MrOrange (10000 in chips)
Seat 4: Bill (10000 in chips)
Seat 5: MrBlue (10000 in chips)
Seat 6: Pluribus (10000 in chips)
MrPink: posts small blind 50
Eddie: posts big blind 100
*** HOLE CARDS ***
Dealt to MrPink [Kh 3c]
Dealt to Eddie [5h 5c]
Dealt to MrOrange [Kc Ah]
Dealt to Bill [Kd Jc]
Dealt to MrBlue [Td 2s]
Dealt to Pluribus [7h Ac]
MrOrange: raises 100 to 200
Bill: folds
MrBlue: folds
Pluribus: folds
MrPink: folds
Eddie: calls 100
*** FLOP *** [Ks 4h 9h]
Eddie: checks
MrOrange: bets 175
Eddie: calls 175
*** TURN *** [Ks 4h 9h] [Tc]
Eddie: checks
MrOrange: checks
*** RIVER *** [Ks 4h 9h] [Tc] [Js]
Eddie: checks
MrOrange: checks
*** SHOWDOWN ***
MrOrange: shows [Kc Ah]
MrOrange collected 800.0 from pot
*** SUMMARY ***
Total pot 800 | Rake 0
Board [Ks 4h 9h Tc Js]
Seat 2: Eddie showed [5h 5c] and lost
Seat 3: MrOrange showed [Kc Ah] and won (800.0)
