PokerStars Hand #72087: Hold'em No Limit (50/100) - 2019/07/11 20:01:27 ET
Table 'Pluribus Session 72' 6-max (Play Money) Seat #6 is the button
Seat 1: Bill (10000 in chips)
Seat 2: MrBlue (10000 in chips)
Seat 3: Pluribus (10000 in chips)
Seat 4: Budd (10000 in chips)
Seat 5: Eddie (10000 in chips)
Seat 6: MrOrange (10000 in chips)
Bill: posts small blind 50
MrBlue: posts big blind 100
*** HOLE CARDS ***
Dealt to Bill [4s 5d]
Dealt to MrBlue [2s Ks]
Dealt to Pluribus [3d Td]
Dealt to Budd [7h 5c]
Dealt to Eddie [Jd Ad]
Dealt to MrOrange [8h 8d]
Pluribus: folds
Budd: folds
Eddie: raises 100 to 200
MrOrange: calls 200
Bill: folds
MrBlue: calls 100
*** FLOP *** [4c Jh 2d]
MrBlue: checks
Eddie: checks
MrOrange: checks
*** TURN *** [4c Jh 2d] [3s]
MrBlue: checks
Eddie: bets 217
MrOrange: calls 217
MrBlue: folds
*** RIVER *** [4c Jh 2d] [3s] [6s]
Eddie: bets 327
MrOrange: folds
Uncalled bet (327) returned to Eddie
Eddie collected 1084.0 from pot
*** SUMMARY ***
Total pot 1084 | Rake 0
Board [4c Jh 2d 3s 6s]
