PokerStars Hand #111156: Hold'em No Limit (50/100) - 2019/07/12 06:52:36 ET
Table 'Pluribus Session 111' 6-max (Play Money) Seat #6 is the button
Seat 1: Eddie (10000 in chips)
Seat 2: MrPink (10000 in chips)
Seat 3: MrOrange (10000 in chips)
Seat 4: MrBrown (10000 in chips)
Seat 5: MrBlue (10000 in chips)
Seat 6: Pluribus (10000 in chips)
Eddie: posts small blind 50
MrPink: posts big blind 100
*** HOLE CARDS ***
Dealt to Eddie [Ts 6s]
Dealt to MrPink [Qs 9c]
Dealt to MrOrange [3c Js]
Dealt to MrBrown [5s 4s]
Dealt to MrBlue [9h 9s]
Dealt to Pluribus [7d 4h]
MrOrange: folds
MrBrown: folds
MrBlue: raises 125 to 225
Pluribus: folds
Eddie: folds
MrPink: calls 125
*** FLOP *** [As Ah Qd]
MrPink: checks
MrBlue: bets 200
MrPink: calls 200
*** TURN *** [As Ah Qd] [5c]
MrPink: checks
MrBlue: checks
*** RIVER *** [As Ah Qd] [5c] [Jd]
MrPink: checks
MrBlue: checks
*** SHOWDOWN ***
MrPink: shows [Qs 9c]
MrPink collected 900.0 from pot
*** SUMMARY ***
Total pot 900 | Rake 0
Board [As Ah Qd 5c Jd]
Seat 2: MrPink showed [Qs 9c] and won (900.0)
Seat 5: MrBlue showed [9h 9s] and lost
