PokerStars Hand #88132: Hold'em No Limit (50/100) - 2019/07/12 00:28:52 ET
Table 'Pluribus Session 88' 6-max (Play Money) Seat #6 is the button
Seat 1: MrPink (10000 in chips)
Seat 2: Eddie (10000 in chips)
Seat 3: MrOrange (10000 in chips)
Seat 4: Bill (10000 in chips)
Seat 5: MrBlue (10000 in chips)
Seat 6: Pluribus (10000 in chips)
MrPink: posts small blind 50
Eddie: posts big blind 100
*** HOLE CARDS ***
Dealt to MrPink [Qd 6c]
Dealt to Eddie [Jd 3s]
Dealt to MrOrange [Ks 8d]
Dealt to Bill [Jh 6s]
Dealt to MrBlue [3c Qh]
Dealt to Pluribus [7s 5h]
MrOrange: folds
Bill: folds
MrBlue: folds
Pluribus: folds
MrPink: calls 50
Eddie: checks
*** FLOP *** [As Qc 2h]
MrPink: bets 100
Eddie: calls 100
*** TURN *** [As Qc 2h] [Kd]
MrPink: checks
Eddie: checks
*** RIVER *** [As Qc 2h] [Kd] [Js]
MrPink: checks
Eddie: checks
*** SHOWDOWN ***
MrPink: shows [Qd 6c]
MrPink collected 400.0 from pot
*** SUMMARY ***
Total pot 400 | Rake 0
Board [As Qc 2h Kd Js]
Seat 1: MrPink showed [Qd 6c] and won (400.0)
Seat 2: Eddie showed [Jd 3s] and lost
