PokerStars Hand #35011: Hold'em No Limit (50/100) - 2019/07/11 09:43:31 ET
Table 'Pluribus Session 35' 6-max (Play Money) Seat #6 is the button
Seat 1: Pluribus (10000 in chips)
Seat 2: MrWhite (10000 in chips)
Seat 3: Gogo (10000 in chips)
Seat 4: Budd (10000 in chips)
Seat 5: Eddie (10000 in chips)
Seat 6: Bill (10000 in chips)
Pluribus: posts small blind 50
MrWhite: posts big blind 100
*** HOLE CARDS ***
Dealt to Pluribus [Qh 9h]
Dealt to MrWhite [Ah 6h]
Dealt to Gogo [As Tc]
Dealt to Budd [9c 5d]
Dealt to Eddie [7h 4d]
Dealt to Bill [7s Qs]
Gogo: raises 100 to 200
Budd: folds
Eddie: folds
Bill: folds
Pluribus: folds
MrWhite: calls 100
*** FLOP *** [3h Ts Kh]
MrWhite: checks
Gogo: bets 150
MrWhite: raises 562 to 712
Gogo: calls 562
*** TURN *** [3h Ts Kh] [2c]
MrWhite: checks
Gogo: checks
*** RIVER *** [3h Ts Kh] [2c] [6c]
MrWhite: checks
Gogo: bets 675
MrWhite: folds
Uncalled bet (675) returned to Gogo
Gogo collected 1874.0 from pot
*** SUMMARY ***
Total pot 1874 | Rake 0
Board [3h Ts Kh 2c 6c]
