PokerStars Hand #114084: Hold'em No Limit (50/100) - 2019/07/12 07:41:24 ET
Table 'Pluribus Session 114' 6-max (Play Money) Seat #6 is the button
Seat 1: Eddie (10000 in chips)
Seat 2: MrPink (10000 in chips)
Seat 3: MrOrange (10000 in chips)
Seat 4: MrBrown (10000 in chips)
Seat 5: MrBlue (10000 in chips)
Seat 6: Pluribus (10000 in chips)
Eddie: posts small blind 50
MrPink: posts big blind 100
*** HOLE CARDS ***
Dealt to Eddie [5d Kh]
Dealt to MrPink [Kc 7d]
Dealt to MrOrange [8s 4s]
Dealt to MrBrown [Jc Ts]
Dealt to MrBlue [9d Qs]
Dealt to Pluribus [Qc As]
MrOrange: folds
MrBrown: folds
MrBlue: folds
Pluribus: raises 125 to 225
Eddie: folds
MrPink: calls 125
*** FLOP *** [Ah 7h 6s]
MrPink: checks
Pluribus: bets 500
MrPink: calls 500
*** TURN *** [Ah 7h 6s] [8d]
MrPink: checks
Pluribus: checks
*** RIVER *** [Ah 7h 6s] [8d] [8h]
MrPink: checks
Pluribus: checks
*** SHOWDOWN ***
Pluribus: shows [Qc As]
Pluribus collected 1500.0 from pot
*** SUMMARY ***
Total pot 1500 | Rake 0
Board [Ah 7h 6s 8d 8h]
Seat 2: MrPink showed [Kc 7d] and lost
Seat 6: Pluribus showed [Qc As] and won (1500.0)
