PokerStars Hand #65025: Hold'em No Limit (50/100) - 2019/07/11 18:03:45 ET
Table 'Pluribus Session 65' 6-max (Play Money) Seat #6 is the button
Seat 1: MrPink (10000 in chips)
Seat 2: Bill (10000 in chips)
Seat 3: Eddie (10000 in chips)
Seat 4: Joe (10000 in chips)
Seat 5: Pluribus (10000 in chips)
Seat 6: MrBlue (10000 in chips)
MrPink: posts small blind 50
Bill: posts big blind 100
*** HOLE CARDS ***
Dealt to MrPink [7c Tc]
Dealt to Bill [4s Ad]
Dealt to Eddie [7s 6s]
Dealt to Joe [2d 7d]
Dealt to Pluribus [3c 9h]
Dealt to MrBlue [6h 8c]
Eddie: folds
Joe: folds
Pluribus: folds
MrBlue: folds
MrPink: calls 50
Bill: checks
*** FLOP *** [Js 5c 2h]
MrPink: bets 100
Bill: calls 100
*** TURN *** [Js 5c 2h] [2c]
MrPink: checks
Bill: checks
*** RIVER *** [Js 5c 2h] [2c] [5d]
MrPink: checks
Bill: checks
*** SHOWDOWN ***
Bill: shows [4s Ad]
Bill collected 400.0 from pot
*** SUMMARY ***
Total pot 400 | Rake 0
Board [Js 5c 2h 2c 5d]
Seat 1: MrPink showed [7c Tc] and lost
Seat 2: Bill showed [4s Ad] and won (400.0)
